
@article{Ramirez,
    author = {{Ramírez-Montoya, M. S.}},
    year = 2020,
    title = {Transformación digital e innovación educativa en Latinoamérica en el marco del CoVId-19. Campus Virtuales},
    journal = {revistacampusvirtuales},
    volume = 9,pages = { 123-139}
}
@article{Barriaga,
    author = {{ Díaz Barriga, F.} },
    year = 2006,
    title = {La enseñanza situada: vínculo entre la escuela y la vida},
    journal = {México: Mc Graw- Hill}
}
@misc{Certificacion,
  author       = {Certificación Internacional de la UFAM. Brasil: PPGE.},
  title        = {Red Internacional sobre la enseñanza de la investigación },
  year         = 2020
}
@book{Modelos,
  title={Modelos interactivos basados en tecnologías de la información y la comunicación. En Diseño e implementación de rúbricas en modelos mediados por las tecnologías de la información y comunicación.},
  author={{Flores, G. González, N. y De la Torre, V.} },
  year={2019},
  publisher={Colofón}
}
@book{Mapfre,
  title={El desafío de las tecnologías Educación 4.0. Libro del profesor},
  author={Fundación Mapfre },
  year={2019},
  publisher={Fundación Mapfre}
}
@article{Botero,
    author = {{Botero, N.}},
    year = 2007,
    title = {Gestión del conocimiento para la administración del recurso humano. },
    journal = {Anagramas}
    volume = {6},
    pages = {11}
}
@book{imagia,
  title={MPerspectivas de la innovación educativa en universidades de México: experiencias y reflexiones de la RIE 316},
  author={{Sánchez, M. y Escamilla, J. }},
  year={2018},
  publisher={imagia}
}

@misc{python,
  author       = {Python Software Foundation},
  title        = {Python 3.9.0 documentation},
  howpublished = {\url{https://docs.python.org/3/}},
  year         = 2020
}
@misc{Creately,
  author       = {Cinergix Pty Ltd},
  title        = {Creately},
  howpublished = {\url{https://creately.com/es/home/}},
  year         = 2020
}
@misc{matplot,
  author       = { Hunter J., Dale D., Firing E., Droettboom M. and the Matplotlib development},
  title        = {The Matplotlib},
  howpublished = {\url{https://matplotlib.org/3.3.3/contents.html}},
  year         = 2020
}  
@misc{latex,
  author       = {LaTeX Project Public License},
  title        = { LaTeX},
  howpublished = {\url{https://www.latex-project.org/}},
  year         = 2020
} 
@misc{Overleaf,
  author       = {Digital Science},
  title        = { Overleaf},
  howpublished = {\url{https://www.overleaf.com/about}},
  year         = 2020
} 
@misc{Github,
  author       = { GitHub, Inc.},
  title        = { GitHub},
  howpublished = {\url{https://docs.github.com/es}},
  year         = 2020
} 
@misc{prezi,
  author       = { Prezi Inc },
  title        = { Prezi},
  howpublished = {\url{https://support.prezi.com/hc/en-us}},
  year         = 2020
}